
@techreport{Olsson@2009,
  title = {A Literature Survey of Active Machine Learning in the
                  Context of Natural Language Processing},
  author = {Fredrik Olsson},
  year = {2009},
  institution = {Swedish Institute of Computer Science},
  number = {T2009:06},
}
